@article{biamonte2017,
author = {Biamonte, Jacob and Wittek, Peter and Pancotti, Nicola and Rebentrost, Patrick and Wiebe, Nathan and Lloyd, Seth},
year = {2016},
month = {11},
pages = {},
title = {Quantum Machine Learning},
volume = {549},
journal = {Nature},
doi = {10.1038/nature23474}
}

@article{creevey2023a,
author = {Creevey, Floyd and Hill, Charles and Hollenberg, Lloyd},
year = {2023},
month = {07},
pages = {},
title = {GASP: a genetic algorithm for state preparation on quantum computers},
volume = {13},
journal = {Scientific Reports},
doi = {10.1038/s41598-023-37767-w}
}

